@article{mukherjee2017world,
  title={World air particulate matter: sources, distribution and health effects},
  author={Mukherjee, Arideep and Agrawal, Madhoolika},
  journal={Environmental chemistry letters},
  volume={15},
  pages={283--309},
  year={2017},
  publisher={Springer}
}

@article{von2015chemistry,
  title={Chemistry and the linkages between air quality and climate change},
  author={Von Schneidemesser, Erika and Monks, Paul S and Allan, James D and Bruhwiler, Lori and Forster, Piers and Fowler, David and Lauer, Axel and Morgan, William T and Paasonen, Pauli and Righi, Mattia and others},
  journal={Chemical reviews},
  volume={115},
  number={10},
  pages={3856--3897},
  year={2015},
  publisher={ACS Publications}
}

@article{thangavel2022recent,
  title={Recent insights into particulate matter (PM2. 5)-mediated toxicity in humans: an overview},
  author={Thangavel, Prakash and Park, Duckshin and Lee, Young-Chul},
  journal={International journal of environmental research and public health},
  volume={19},
  number={12},
  pages={7511},
  year={2022},
  publisher={MDPI}
}

@article{harrison2020airborne,
  title={Airborne particulate matter},
  author={Harrison, Roy M},
  journal={Philosophical Transactions of the Royal Society A},
  volume={378},
  number={2183},
  pages={20190319},
  year={2020},
  publisher={The Royal Society Publishing}
}

@misc{ourworldindataDeathsFrom,
	author = {Esteban Ortiz-Ospina and Max Rosers},
	title = {{D}eaths from outdoor particulate matter air pollution, by region --- ourworldindata.org},
	howpublished = {\url{https://ourworldindata.org/grapher/annual-deaths-from-outdoor-air-pollution-by-region}},
	year = {2024},
	note = {[Accessed 13-07-2024]},
}

@article{kim2015review,
  title={A review on the human health impact of airborne particulate matter},
  author={Kim, Ki-Hyun and Kabir, Ehsanul and Kabir, Shamin},
  journal={Environment international},
  volume={74},
  pages={136--143},
  year={2015},
  publisher={Elsevier}
}

@article{thompson2018airborne,
  title={Airborne particulate matter: human exposure and health effects},
  author={Thompson, Jonathan E},
  journal={Journal of occupational and environmental medicine},
  volume={60},
  number={5},
  pages={392--423},
  year={2018},
  publisher={LWW}
}

@article{broday2001growth,
  title={Growth and deposition of hygroscopic particulate matter in the human lungs},
  author={Broday David, Georgopoulos Panos},
  journal={Aerosol Science \& Technology},
  volume={34},
  number={1},
  pages={144--159},
  year={2001},
  publisher={Taylor \& Francis}
}

@article{sint2008ambient,
  title={Ambient air pollution particles and the acute exacerbation of chronic obstructive pulmonary disease},
  author={Sint, Thaw and Donohue, James F and Ghio, Andrew J},
  journal={Inhalation toxicology},
  volume={20},
  number={1},
  pages={25--29},
  year={2008},
  publisher={Taylor \& Francis}
}

@article{ling2009particulate,
  title={Particulate matter air pollution exposure: role in the development and exacerbation of chronic obstructive pulmonary disease},
  author={Ling, Sean H and van Eeden, Stephan F},
  journal={International journal of chronic obstructive pulmonary disease},
  pages={233--243},
  year={2009},
  publisher={Taylor \& Francis}
}

@misc{whoChronicObstructive,
	author = {WHO},
	title = {{C}hronic obstructive pulmonary disease ({C}{O}{P}{D}) --- who.int},
	howpublished = {\url{https://www.who.int/news-room/fact-sheets/detail/chronic-obstructive-pulmonary-disease-(copd)}},
	year = {2023},
	note = {[Accessed 13-07-2024]},
}

@article{li2008role,
  title={The role of oxidative stress in ambient particulate matter-induced lung diseases and its implications in the toxicity of engineered nanoparticles},
  author={Li, Ning and Xia, Tian and Nel, Andre E},
  journal={Free radical biology and medicine},
  volume={44},
  number={9},
  pages={1689--1699},
  year={2008},
  publisher={Elsevier}
}

@article{cory2019impact,
  title={The impact of inhaled ambient ultrafine particulate matter on developing brain: potential importance of elemental contaminants},
  author={Cory-Slechta, Deborah A and Sobolewski, Marissa and Marvin, Elena and Conrad, Katherine and Merrill, Alyssa and Anderson, Tim and Jackson, Brian P and Oberdorster, Gunter},
  journal={Toxicologic pathology},
  volume={47},
  number={8},
  pages={976--992},
  year={2019},
  publisher={SAGE Publications Sage CA: Los Angeles, CA}
}

@article{li2003particulate,
  title={Particulate air pollutants and asthma: a paradigm for the role of oxidative stress in PM-induced adverse health effects},
  author={Li, Ning and Hao, Minqi and Phalen, Robert F and Hinds, William C and Nel, Andre E},
  journal={Clinical immunology},
  volume={109},
  number={3},
  pages={250--265},
  year={2003},
  publisher={Elsevier}
}

@article{du2016air,
  title={Air particulate matter and cardiovascular disease: the epidemiological, biomedical and clinical evidence},
  author={Du, Yixing and Xu, Xiaohan and Chu, Ming and Guo, Yan and Wang, Junhong},
  journal={Journal of thoracic disease},
  volume={8},
  number={1},
  pages={E8},
  year={2016},
  publisher={AME Publications}
}

@article{fiordelisi2017mechanisms,
  title={The mechanisms of air pollution and particulate matter in cardiovascular diseases},
  author={Fiordelisi, Antonella and Piscitelli, Prisco and Trimarco, Bruno and Coscioni, Enrico and Iaccarino, Guido and Sorriento, Daniela},
  journal={Heart failure reviews},
  volume={22},
  pages={337--347},
  year={2017},
  publisher={Springer}
}

@article{campbell2014human,
  title={Human brain derived cells respond in a type-specific manner after exposure to urban particulate matter (PM)},
  author={Campbell, Arezoo and Daher, Nancy and Solaimani, Parrisa and Mendoza, Kriscelle and Sioutas, Constantinos},
  journal={Toxicology in vitro},
  volume={28},
  number={7},
  pages={1290--1295},
  year={2014},
  publisher={Elsevier}
}

@article{mohankumar2008particulate,
  title={Particulate matter, oxidative stress and neurotoxicity},
  author={MohanKumar, Sheba MJ and Campbell, Arezoo and Block, Michelle and Veronesi, Bellina},
  journal={Neurotoxicology},
  volume={29},
  number={3},
  pages={479--488},
  year={2008},
  publisher={Elsevier}
}

@article{fagundes2015direct,
  title={Direct contact with particulate matter increases oxidative stress in different brain structures},
  author={Fagundes, Lucas Sagrillo and Fleck, Alan da Silveira and Zanchi, Ana Claudia and Saldiva, Paulo Hil{\'a}rio Nascimento and Rhoden, Cl{\'a}udia Ramos},
  journal={Inhalation toxicology},
  volume={27},
  number={10},
  pages={462--467},
  year={2015},
  publisher={Taylor \& Francis}
}

@article{tsai2019fine,
  title={Fine particulate matter is a potential determinant of Alzheimer's disease: A systemic review and meta-analysis},
  author={Tsai, Tsung-Lin and Lin, Yu-Ting and Hwang, Bing-Fang and Nakayama, Shoji F and Tsai, Chon-Haw and Sun, Xian-Liang and Ma, Chaochen and Jung, Chau-Ren},
  journal={Environmental research},
  volume={177},
  pages={108638},
  year={2019},
  publisher={Elsevier}
}

@article{campbell2005particulate,
  title={Particulate matter in polluted air may increase biomarkers of inflammation in mouse brain},
  author={Campbell, Arezoo and Oldham, Michael and Becaria, Angelica and Bondy, SC and Meacher, D and Sioutas, C and Misra, C and Mendez, LB and Kleinman, M},
  journal={Neurotoxicology},
  volume={26},
  number={1},
  pages={133--140},
  year={2005},
  publisher={Elsevier}
}

@article{hopkins2018repeated,
  title={Repeated iron--soot exposure and nose-to-brain transport of inhaled ultrafine particles},
  author={Hopkins, Laurie E and Laing, Emilia A and Peake, Janice L and Uyeminami, Dale and Mack, Savannah M and Li, Xueting and Smiley-Jewell, Suzette and Pinkerton, Kent E},
  journal={Toxicologic pathology},
  volume={46},
  number={1},
  pages={75--84},
  year={2018},
  publisher={SAGE Publications Sage CA: Los Angeles, CA}
}

@article{pandis2016urban,
  title={Urban particulate matter pollution: a tale of five cities},
  author={Pandis, Spyros N and Skyllakou, Ksakousti and Florou, Kalliopi and Kostenidou, Evangelia and Kaltsonoudis, Christos and Hasa, Erion and Presto, Albert A},
  journal={Faraday discussions},
  volume={189},
  pages={277--290},
  year={2016},
  publisher={Royal Society of Chemistry}
}

@article{pant2013estimation,
  title={Estimation of the contribution of road traffic emissions to particulate matter concentrations from field measurements: A review},
  author={Pant, Pallavi and Harrison, Roy M},
  journal={Atmospheric environment},
  volume={77},
  pages={78--97},
  year={2013},
  publisher={Elsevier}
}

@article{grigoratos2015brake,
  title={Brake wear particle emissions: a review},
  author={Grigoratos, Martini},
  journal={Environmental science and pollution research},
  volume={22},
  pages={2491--2504},
  year={2015},
  publisher={Springer}
}

@misc{uradmonitorRealtimeEnvironmental,
	author = {Global
Environmental Monitoring Network,},
	title = {{R}eal-time {E}nvironmental {M}onitoring --- uradmonitor.com},
	howpublished = {\url{https://www.uradmonitor.com/ceparer-a-study-on-road-transport-pollution/}},
	year = {},
	note = {[Accessed 13-07-2024]},
}

@article{mulani2022review,
  title={A review on recent development and challenges in automotive brake pad-disc system},
  author={Mulani, Shoaib Munir and Kumar, Ashwani and Shaikh, Haris Naiyer E Azam and Saurabh, Ashish and Singh, Pravin Kumar and Verma, Piyush Chandra},
  journal={Materials Today: Proceedings},
  volume={56},
  pages={447--454},
  year={2022},
  publisher={Elsevier}
}

@article{piscitello2021non,
  title={Non-exhaust traffic emissions: Sources, characterization, and mitigation measures},
  author={Piscitello, Amelia and Bianco, Carlo and Casasso, Alessandro and Sethi, Rajandrea},
  journal={Science of the Total Environment},
  volume={766},
  pages={144440},
  year={2021},
  publisher={Elsevier}
}

@article{timmers2018non,
  title={Non-exhaust PM emissions from battery electric vehicles},
  author={Timmers, Victor RJH and Achten, Peter AJ},
  journal={Non-exhaust emissions},
  pages={261--287},
  year={2018},
  publisher={Elsevier}
}

@article{hicks2023quantifying,
  title={Quantifying the change of brake wear particulate matter emissions through powertrain electrification in passenger vehicles},
  author={Hicks, William and Green, David C and Beevers, Sean},
  journal={Environmental Pollution},
  volume={336},
  pages={122400},
  year={2023},
  publisher={Elsevier}
}

@misc{spinnyDifferenceBetween,
	author = {Sahaj Palla},
	title = {{D}ifference {B}etween {D}rum {B}rake vs {D}isc {B}rake - {E}xplained in {D}etail --- spinny.com},
	howpublished = {\url{https://www.spinny.com/blog/index.php/drum-brakes-vs-disc-brakes/}},
	year = {},
	note = {[Accessed 13-07-2024]},
}

@article{kelly2012size,
  title={Size, source and chemical composition as determinants of toxicity attributable to ambient particulate matter},
  author={Kelly, Frank J and Fussell, Julia C},
  journal={Atmospheric environment},
  volume={60},
  pages={504--526},
  year={2012},
  publisher={Elsevier}
}

@article{zemlik2022case,
  title={Case study of accelerated wear of brake discs made of grey cast iron characterized by increased thermal stability},
  author={Zemlik, Martyna and Dziubek, Mateusz and Pyka, Dariusz and Konat, {\L}ukasz and Grygier, Dominika},
  journal={Combustion Engines},
  volume={61},
  year={2022}
}

@article{yao2023influence,
  title={The influence of adding copper and iron third body on brake disc temperature},
  author={Yao, Manqi and Zhao, Chong and Su, Linlin and Fu, Rong and Han, Xiaoming and Gao, Fei},
  journal={Tribology Letters},
  volume={71},
  number={3},
  pages={101},
  year={2023},
  publisher={Springer}
}

@article{hinrichs2011tem,
  title={A TEM snapshot of magnetite formation in brakes: The role of the disc's cast iron graphite lamellae in third body formation},
  author={Hinrichs, Ruth and Vasconcellos, MAZ and {\"O}sterle, Werner and Prietzel, Claudia},
  journal={Wear},
  volume={270},
  number={5-6},
  pages={365--370},
  year={2011},
  publisher={Elsevier}
}

@article{ripley2024within,
  title={Within-city spatial variations in PM2. 5 magnetite nanoparticles and brain cancer incidence in Toronto and Montreal, Canada},
  author={Ripley, Susannah and Maher, Barbara A and Hatzopoulou, Marianne and Weichenthal, Scott},
  journal={Scientific Reports},
  volume={14},
  number={1},
  pages={12136},
  year={2024},
  publisher={Nature Publishing Group UK London}
}

@article{hagino2023iron,
  title={Iron Oxide and Hydroxide Speciation in Emissions of Brake Wear Particles from Different Friction Materials Using an X-ray Absorption Fine Structure},
  author={Hagino, Hiroyuki and Iwata, Ayumi and Okuda, Tomoaki},
  journal={Atmosphere},
  volume={15},
  number={1},
  pages={49},
  year={2023},
  publisher={MDPI}
}

@article{zendehdel2023human,
  title={Human epithelial lung cell toxicity assessment of collected graphite particles from an iron casting industry (in vitro study)},
  author={Zendehdel, Rezvan and Hahad, Omar and Panjali, Zahra},
  journal={International Journal of Environmental Health Research},
  pages={1--10},
  year={2023},
  publisher={Taylor \& Francis}
}

@article{an2022role,
  title={The role of copper homeostasis in brain disease},
  author={An, Yumei and Li, Sunao and Huang, Xinqi and Chen, Xueshi and Shan, Haiyan and Zhang, Mingyang},
  journal={International journal of molecular sciences},
  volume={23},
  number={22},
  pages={13850},
  year={2022},
  publisher={MDPI}
}

@incollection{wang,
  title={Particle characterization and behavior relevant to fluidized bed combustion and gasification systems},
  author={Wang, D and Fan, L-S},
  booktitle={Fluidized bed technologies for near-zero emission combustion and gasification},
  pages={42--76},
  year={2013},
  publisher={Elsevier}
}




@misc{epaHealthEnvironmental,
	author = {EPA},
	title = {{H}ealth and {E}nvironmental {E}ffects of {P}articulate {M}atter ({P}{M}) | {U}{S} {E}{P}{A} --- epa.gov},
	howpublished = {\url{https://www.epa.gov/pm-pollution/health-and-environmental-effects-particulate-matter-pm}},
	year = {2023},
	note = {[Accessed 13-07-2024]},
}

@article{innes2021simulated,
  title={Simulated biological fluids--a systematic review of their biological relevance and use in relation to inhalation toxicology of particles and fibres},
  author={Innes, Emma and Yiu, Humphrey HP and McLean, Polly and Brown, William and Boyles, Matthew},
  journal={Critical Reviews in Toxicology},
  volume={51},
  number={3},
  pages={217--248},
  year={2021},
  publisher={Taylor \& Francis}
}

@article{atherton2009acid,
  title={Acid--base balance: maintenance of plasma pH},
  author={Atherton, John C},
  journal={Anaesthesia \& Intensive Care Medicine},
  volume={10},
  number={11},
  pages={557--561},
  year={2009},
  publisher={Elsevier}
}

@article{rzechorzek2022daily,
  title={A daily temperature rhythm in the human brain predicts survival after brain injury},
  author={Rzechorzek, Nina M and Thrippleton, Michael J and Chappell, Francesca M and Mair, Grant and Ercole, Ari and Cabeleira, Manuel and CENTER-TBI High Resolution ICU (HR ICU) Sub-Study Participants and Investigators and Rhodes, Jonathan and Marshall, Ian and O’Neill, John S},
  journal={Brain},
  volume={145},
  number={6},
  pages={2031--2048},
  year={2022},
  publisher={Oxford University Press}
}

@article{zhang2022hpmc,
  title={HPMC improves protective effects of naringenin and isonicotinamide co-crystals against abdominal aortic aneurysm},
  author={Zhang, Xing and Wang, Anyi and Yang, Xiaotong and Wang, Yunxia and Wang, Qinyu and Hu, Rui and Anwaier, Gulinigaer and Di, Chang and Qi, Rong and Huang, Yanbin},
  journal={Cardiovascular Drugs and Therapy},
  pages={1--11},
  year={2022},
  publisher={Springer}
}

@misc{europaPollution,
	author = {EEA},
	title = {{A}ir pollution --- eea.europa.eu},
	howpublished = {\url{https://www.eea.europa.eu/en/topics/in-depth/air-pollution}},
	year = {2024},
	note = {[Accessed 13-07-2024]},
}

@article{lee2013friction,
  title={Friction and wear of Cu-free and Sb-free environmental friendly automotive brake materials},
  author={Lee, Poh Wah and Filip, Peter},
  journal={Wear},
  volume={302},
  number={1-2},
  pages={1404--1413},
  year={2013},
  publisher={Elsevier}
}

@article{hemanth2023eco,
  title={Eco-friendly materials for brake pad-ANSYS overview},
  author={Hemanth, M Sunil Kumar and Dhas, J Edwin Raja},
  journal={Materials Today: Proceedings},
  year={2023},
  publisher={Elsevier}
}

@article{wank2023environmentally,
  title={Environmentally friendly protective coatings for brake disks},
  author={Wank, Andreas and Schmengler, Christian and Krause, Annika and M{\"u}ller-Roden, Karin and Wessler, Tobias},
  journal={Journal of Thermal Spray Technology},
  volume={32},
  number={2},
  pages={443--455},
  year={2023},
  publisher={Springer}
}

@article{irawan2022overview,
  title={Overview of the important factors influencing the performance of eco-friendly brake pads},
  author={Irawan, Agustinus Purna and Fitriyana, Deni Fajar and Tezara, Cionita and Siregar, Januar Parlaungan and Laksmidewi, Dwinita and Baskara, Gregorius Dimas and Abdullah, Mohd Zulkfly and Junid, Ramli and Hadi, Agung Efriyo and Hamdan, Mohammad Hazim Mohamad and others},
  journal={Polymers},
  volume={14},
  number={6},
  pages={1180},
  year={2022},
  publisher={MDPI}
}

@article{liati2019airborne,
  title={Airborne particulate matter emissions from vehicle brakes in micro-and nano-scales: Morphology and chemistry by electron microscopy},
  author={Liati, A and Schreiber, D and Lugovyy, D and Gramstat, S and Eggenschwiler, P Dimopoulos},
  journal={Atmospheric Environment},
  volume={212},
  pages={281--289},
  year={2019},
  publisher={Elsevier}
}

@misc{machinerylubricationAnatomyWear,
	author = {Fitch},
	title = {{A}natomy of {W}ear {D}ebris  --- machinerylubrication.com},
	howpublished = {\url{https://www.machinerylubrication.com/Read/29537/wear-debris-anatomy}},
	year = {2013},
	note = {[Accessed 27-07-2024]},
}

@article{ulusoy2023review,
  title={A review of particle shape effects on material properties for various engineering applications: from macro to nanoscale},
  author={Ulusoy, Ugur},
  journal={Minerals},
  volume={13},
  number={1},
  pages={91},
  year={2023},
  publisher={MDPI}
}